%Buch
@Book{GEA_2,
  author    = {Gregory, Jason},
  title     = {{Game Engine Architecture}},
  edition	= {2},
  publisher = {CRC Press},
  address   = {6000 Broken Sound Parkway NW},
  year      = {2014},
}

%Buch
@Book{C_Lan,
  author    = {Stroustrup, Bjarne},
  title     = {{The C++ Programming Language}},
  edition	= {4},
  publisher = {Addison-Wesley},
  address   = {Upper Saddle River, NJ},
  year      = {2013},
}

%Buch
@Book{GEG_3,
  author    = {{Chapter-wise on usage}},
  title     = {{Game Engine Gems 3}},
  edition	= {4},
  publisher = {CRC Press},
  address   = {6000 Broken Sound Parkway NW},
  year      = {2016},
}

%Buch
@Book{ProRus,
  author    = {{Blandy, Jim}, {Orendorff, Jason}},
  title     = {{Programming Rust - Fast, Safe Systems Development}},
  edition	= {1},
  publisher = {OReilley},
  address   = {},
  year      = {2017},
}

%Buch
@Book{LinuxKernel,
	author    = {{Bovet, Daniel}, {Cesati, Marco}},
	title     = {{Understanding the Linux Kernel}},
	edition	  = {3},
	publisher = {OReilley},
	address   = {},
	year      = {2005},
	url		  = {https://www.safaribooksonline.com/library/view/understanding-the-linux/0596005652/index.html}
}

@mastersthesis{Portisch17,
    author = {David Portisch},
    title = {Multitasking using a job sytem with fibers},
    school = {Fachhochschule Technikum Wien},
    year = {2017},
    address = {Höchstädtplatz 5, 1200 Wien},
    language = {en},
}

%Blog
@misc{Rust_State,
	title			=	{Rust in 2017: what we achieved},
	note			=	"[Online; accessed 22-04-2018, 21:59],
	year			=	{2017}
	url				=	{https://blog.rust-lang.org/2017/12/21/rust-in-2017.html},
	howpublished	=	"\url{https://blog.rust-lang.org/2017/12/21/rust-in-2017.html}",
}

% Blog
@misc{LLVM_ARCH,
	title			=	{LLVM},
	author			=	{Chris Lattner}
	note			=	"[Online; accessed 22-04-2018, 23:14],
	url				=	{http://www.aosabook.org/en/llvm.html},
	howpublished	=	"\url{http://www.aosabook.org/en/llvm.html}",
}

% Blog
@misc{MOL_MS_1,
	title			= {Memory system – Part 1},
	author			= {Stefan Reinalter},
	note			= "[Online; accessed 25-04-2018, 22:41]",
	url				= {https://blog.molecular-matters.com/2011/07/05/memory-system-part-1/},
	howpublished	= "\url{https://blog.molecular-matters.com/2011/07/05/memory-system-part-1/}",
}

% Blog
@misc{MOL_MS_2,
	title			= {Memory system – Part 2},
	author			= {Stefan Reinalter},
	note			= "[Online; accessed 25-04-2018, 22:41]",
	url				= {https://blog.molecular-matters.com/2011/07/07/memory-system-part-2/},
	howpublished	= "\url{https://blog.molecular-matters.com/2011/07/07/memory-system-part-2/}",
}

% Blog
@misc{MOL_MS_3,
	title			= {Memory system – Part 3},
	author			= {Stefan Reinalter},
	note			= "[Online; accessed 25-04-2018, 22:41]",
	url				= {https://blog.molecular-matters.com/2011/07/08/memory-system-part-3/},
	howpublished	= "\url{https://blog.molecular-matters.com/2011/07/08/memory-system-part-3/}",
}

% Blog
@misc{MOL_MS_4,
	title			= {Memory system – Part 4},
	author			= {Stefan Reinalter},
	note			= "[Online; accessed 25-04-2018, 22:41]",
	url				= {https://blog.molecular-matters.com/2011/07/15/memory-system-part-4/},
	howpublished	= "\url{https://blog.molecular-matters.com/2011/07/15/memory-system-part-4/}",
}

% Blog
@misc{MOL_MS_5,
	title			= {Memory system – Part 5},
	author			= {Stefan Reinalter},
	note			= "[Online; accessed 25-04-2018, 22:41]",
	url				= {https://blog.molecular-matters.com/2011/08/03/memory-system-part-5/},
	howpublished	= "\url{https://blog.molecular-matters.com/2011/08/03/memory-system-part-5/}",
}

% Book
@Book{VMEM,
	title			= {Operating Systems: Three Easy Pieces},
	chapter			= {The Abstraction: Address Spaces},
	author			= {{Remzi H. Arpaci-Dusseau}, {Andrea C. Arpaci-Dusseau}},
	note			= "[Online; accessed 06-05-2018, 22:41]",
	edition	  		= {3},
	url				= {http://pages.cs.wisc.edu/~remzi/OSTEP/vm-intro.pdf},
	howpublished	= "\url{http://pages.cs.wisc.edu/~remzi/OSTEP/vm-intro.pdf}",
}

% Blog
@misc{UE4_F,
	title			= {Unreal Engine 4 features},
	author			= {Epic Inc.},
	note			= "[Online; accessed 25-04-2018, 22:41]",
	url				= {https://www.unrealengine.com/en-US/features},
	howpublished	= "\url{https://www.unrealengine.com/en-US/features}",
}

@mastersthesis{Unity_His,
	author 			= {John Haas},
	title 			= {A History of the Unity Game Engine},
	school 			= {WORCESTER POLYTECHNIC INSTITUTE},
	language 		= {en},
	note			= "[Online; accessed 25-04-2018, 23:12]",
	url		= {https://web.wpi.edu/Pubs/E-project/Available/E-project-030614-143124/unrestricted/Haas_IQP_Final.pdf},
	howpublished	= "\url{https://web.wpi.edu/Pubs/E-project/Available/E-project-030614-143124/unrestricted/Haas_IQP_Final.pdf}",
}

% Blog
@misc{Tombstone,
	title			= {Tombstone engine},
	author			= {Erik Lengyel},
	note			= "[Online; accessed 26-04-2018, 18:25]",
	url				= {http://tombstoneengine.com/},
	howpublished	= "\url{http://tombstoneengine.com/}",
}

@book{Stroustrup2005,
	author			={Stroustrup, Bjarne},
	editor			={Wu, Zhaohui and Chen, Chun and Guo, Minyi and Bu, Jiajun},
	title			={Abstraction and the C++ Machine Model},
	bookTitle		={Embedded Software and Systems: First International Conference, ICESS 2004, Hangzhou, China, December 9-10, 2004, Revised Selected Papers},
	year			={2005},
	publisher		={Springer Berlin Heidelberg},
	address			={Berlin, Heidelberg},
	pages			={1--13},
	isbn			={978-3-540-31823-1},
	doi				={10.1007/11535409_1},
	url				={https://doi.org/10.1007/11535409_1}
}

% Blog
@misc{OCAML,
	title			= {OCaml},
	note			= "[Online; accessed 28-04-2018, 20:25]",
	url				= {https://ocaml.org/},
	howpublished	= "\url{https://ocaml.org/}",
}

@misc{CppMove,
	author = "cppreference.com",
	year   = 2015,
	title  = "{C++ Move Semantics}",
	howpublished = "\url{http://en.cppreference.com/w/cpp/language/move_constructor}", 
	note   = "[Online; accessed 28-04-2018, 18:25]",
}
